% http://www.bibtex.org/Using/
% article example, keyword: 'Beauregard2005'

% article
@article{Beauregard2005,
    author = {Beauregard, Eric and Proulx, Jean and Rossmo, D. Kim},
     title = {Spatial patterns of sex offenders: Theoretical, empirical, and practical issues},
   journal = {Aggression and Violent Behavior},
    volume = {10},
      year = {2005},
    number = {5},
     pages = {579--603},
}

% book example
@book{Hicks2006,
    author = {Hicks, Scotia J. and Sales, Bruce D.},
     title = {Crime Analysis: From First Report to Final Arrest},
 publisher = {American Psychological Association},
   ADDRESS = {Washington, DC},
      year = {2006},
     pages = {245},
}

@book{王永庆1998,
  title={人工智能原理与方法},
  author={王永庆},
  publisher={西安交通大学出版社},
  year={1998},
}

% webpage

@misc{spotcrime,
     title = {SpotCrime.com},
     note  = {\url{http://www.spotcrime.com}. Accessed on january 14, 2015},
}

@misc{doboszczak,
     title = {Mathematical Modeling by Differential Equations},
    author = {{Doboszczak, Stefan} and {Virginia Forstall}},
      year = {2013},
      note = {\url{http://www.norbertwiener.umd.edu/Education/m3cdocs/Presentation2.pdf}. Accessed on january 14, 2015},
}
